<?xml version="1.0" encoding="UTF-8"?><collection xmlns="http://www.loc.gov/MARC21/slim"><record><leader>00406nam--2200145-i-4500</leader><controlfield tag="001">000014975</controlfield><controlfield tag="002">20161230</controlfield><controlfield tag="005">20161230201031</controlfield><controlfield tag="008">060222s1000------------r-----000-0-eng-d</controlfield><datafield ind1=" " ind2=" " tag="080"><subfield code="a">546.3:54.14</subfield></datafield><datafield ind1=" " ind2=" " tag="245"><subfield code="a">Liquid metals. chemistry and physics</subfield></datafield><datafield ind1=" " ind2=" " tag="260"><subfield code="a">New York, Marcel Dekker, Inc., 1972 X + 731 P</subfield></datafield><datafield ind1=" " ind2=" " tag="490"><subfield code="a">Monographs And Textbooks In Material Science</subfield></datafield><datafield ind1=" " ind2=" " tag="700"><subfield code="a">Beer, Sylvan Z</subfield></datafield><datafield ind1=" " ind2=" " tag="852"><subfield code="a">76156</subfield></datafield></record></collection>